../biblio/have-read/stuff-read.bib